@article{recommend,
  author    = {ChunYuen Teng and
               Yu{-}Ru Lin and
               Lada A. Adamic},
  title     = {Recipe recommendation using ingredient networks},
  journal   = {CoRR},
  volume    = {abs/1111.3919},
  year      = {2011},
  url       = {http://arxiv.org/abs/1111.3919},
  timestamp = {Mon, 05 Dec 2011 18:05:04 +0100},
  biburl    = {http://dblp.uni-trier.de/rec/bib/journals/corr/abs-1111-3919},
  bibsource = {dblp computer science bibliography, http://dblp.org}
}


@article{pairings,
	Author = {Ahn, Yong-Yeol and Ahnert, Sebastian E. and Bagrow, James P. and Barab{\'a}si, Albert-L{\'a}szl{\'o}},
	Journal = {Scientific Reports},
	Month = {12},
	Title = {Flavor network and the principles of food pairing},
	Volume = {1},
	Url = {http://dx.doi.org/10.1038/srep00196},
	Year = {2011}
}


@article{zhu2013geography,
  title={Geography and similarity of regional cuisines in China},
  author={Zhu, Yu-Xiao and Huang, Junming and Zhang, Zi-Ke and Zhang, Qian-Ming and Zhou, Tao and Ahn, Yong-Yeol},
  journal={PloS one},
  volume={8},
  number={11},
  year={2013},
  publisher={Public Library of Science},
  url={http://dx.doi.org/10.1371/journal.pone.0079161}
}

@article{jain2015analysis,
  title={Analysis of food pairing in regional cuisines of India},
  author={Jain, Anupam and Rakhi, NK and Bagler, Ganesh},
  journal={PloS one},
  volume={10},
  number={10},
  year={2015},
  publisher={Public Library of Science},
  url={http://dx.doi.org/10.1371/journal.pone.0139539}
}

@inproceedings{Geleijnse,
 author = {Geleijnse, Gijs and Nachtigall, Peggy and van Kaam, Pim and Wijgergangs, Luci\"{e}nne},
 title = {A Personalized Recipe Advice System to Promote Healthful Choices},
 booktitle = {Proceedings of the 16th International Conference on Intelligent User Interfaces},
 series = {IUI '11},
 year = {2011},
 isbn = {978-1-4503-0419-1},
 location = {Palo Alto, CA, USA},
 pages = {437--438},
 numpages = {2},
 url = {http://doi.acm.org/10.1145/1943403.1943487},
 doi = {10.1145/1943403.1943487},
 acmid = {1943487},
 publisher = {ACM},
 address = {New York, NY, USA},
 keywords = {goal setting, recipes, user centered design},
} 
